@article{wang2005adaptive,
  title={{Adaptive and predictive downlink resource management in next generation CDMA networks}},
  author={Wang, X. and Ramjee, R. and Viswanathan, H.},
  journal={IEEE Journal on Selected Areas in Communications},
  volume={23},
  number={6},
  pages={1219--1232},
  year={2005},
  publisher={Citeseer}
}

@conference{das2003performance,
  title={{Performance Analysis of Downlink Power Control in CDMA Systems}},
  author={Das, S. and Ganu, S. and Rivera, N. and Roy, R.},
  booktitle={IEEE Sarnoff Symposium, Princeton},
  year={2003},
  organization={Citeseer}
}

@conference{chuah2004umts,
  title={{UMTS Release 99/4 airlink enhancement for supporting MBMS services}},
  author={Chuah, M. and Hu, T. and Luo, W.},
  booktitle={2004 IEEE Conference on Communications, Paris, France},
  volume={6},
  pages={20--24},
  year={2004},
  organization={Citeseer}
}

@conference{xylomenos2007reducing,
  title={{Reducing the transmission power requirements of the multimedia broadcast/multicast service}},
  author={Xylomenos, G. and Tsakanikas, V. and Polyzos, G.C.},
  booktitle={Mobile and Wireless Communications Summit},
  pages={1--5},
  year={2007},
  organization={Citeseer}
}

@conference{alexiou7power,
  title={{A power control scheme for efficient radio bearer selection in MBMS}},
  author={Alexiou, A. and Bouras, C. and Rekkas, E.},
  booktitle={Proceedings of IEEE International Symposium on a World of Wireless, Mobile and Multimedia Networks (WOWMOMâ€™07)},
  pages={1--8},
  organization={Citeseer}
}

@article{du-fixed,
  title={{Fixed/Variable Power Multicast Over Heterogeneous Fading Channels in Cellular Networks}},
  author={Du, Q. and Zhang, X.}
}
